<?xml version="1.0" encoding="UTF-8"?><record xmlns="http://www.loc.gov/MARC21/slim" xmlns:cinclude="http://apache.org/cocoon/include/1.0" xmlns:zs="http://www.loc.gov/zing/srw/">
  <leader>00909cz  a2200169n  4500</leader>
  <controlfield tag="001">n  78068720 </controlfield>
  <controlfield tag="003">DLC</controlfield>
  <controlfield tag="005">20090308080635.0</controlfield>
  <controlfield tag="008">780925n| acannaabn          |b ana      </controlfield>
  <datafield tag="010" ind1=" " ind2=" ">
    <subfield code="a">n  78068720 </subfield>
  </datafield>
  <datafield tag="035" ind1=" " ind2=" ">
    <subfield code="a">(OCoLC)oca00204235</subfield>
  </datafield>
  <datafield tag="040" ind1=" " ind2=" ">
    <subfield code="a">DLC</subfield>
    <subfield code="b">eng</subfield>
    <subfield code="c">DLC</subfield>
    <subfield code="d">DLC</subfield>
    <subfield code="d">OCoLC</subfield>
  </datafield>
  <datafield tag="110" ind1="2" ind2=" ">
    <subfield code="a">Jāmiʻat al-Imām Muḥammad ibn Saʻūd al-Islāmīyah.</subfield>
    <subfield code="b">Kullīyat al-Sharīʻah</subfield>
  </datafield>
  <datafield tag="410" ind1="2" ind2=" ">
    <subfield code="a">جامعة الامام محمد بن سعود الاسلامية.</subfield>
    <subfield code="b">كلية الشريعة</subfield>
  </datafield>
  <datafield tag="667" ind1=" " ind2=" ">
    <subfield code="a">Machine-derived non-Latin script reference project.</subfield>
  </datafield>
  <datafield tag="667" ind1=" " ind2=" ">
    <subfield code="a">Non-Latin script reference not evaluated.</subfield>
  </datafield>
  <datafield tag="670" ind1=" " ind2=" ">
    <subfield code="a">Maktabat Makkī ibn Abī Ṭālib al-Qaysī ; 3 (ser. x-ref.) al-Qaysī, M. b. Ḥ. al-Īḍaḥ li-nāsikh al-Qurʼān ... 1976:</subfield>
    <subfield code="b">t.p. (al-Mamlakah al-ʻArabīyah al-Saʻūdīyah, Jāmiʻat al-Imām Muḥammad ibn Saʻūd al-Islāmīyah, Kullīyat al-Sharīʻah bi-al-Riyāḍ)</subfield>
  </datafield>
</record>